@article{botzer2023,
  author = {Botzer, N. and Gu, S. and Weninger, T.},
  title = {Analysis of Moral Judgment on Reddit},
  journal = {IEEE Transactions on Computational Social Systems},
  volume = {10},
  number = {3},
  pages = {947--957},
  year = {2023},
  doi = {10.1109/TCSS.2022.3160677}
}

@inproceedings{alhassan2022,
  author = {Alhassan, A. and Zhang, J. and Schlegel, V.},
  title = {`Am I the Bad One'? Predicting the Moral Judgement of the Crowd Using Pre--trained Language Models},
  booktitle = {Proceedings of the Thirteenth Language Resources and Evaluation Conference},
  pages = {267--276},
  year = {2022},
}

@article{osama2023,
  author = {Osama, M. and Bsher, O.},
  title = {AITA Generating Moral Judgements of the Crowd with Reasoning},
  journal = {arXiv preprint arXiv:2305.17466},
  year = {2023}
}

@article{strathern2020,
  author = {Strathern, W. and Schoenfeld, M. and Ghawi, R. and Pfeffer, J.},
  title = {Against the Others! Detecting Moral Outrage in Social Media Networks},
  journal = {arXiv preprint arXiv:2010.07237v1},
  year = {2020}
}

@inproceedings{preniqi2024,
  author = {Preniqi, V. and Ghinassi, I. and Ive, J. and Saitis, C. and Kalimeri, K.},
  title = {MoralBERT: A Fine-Tuned Language Model for Capturing Moral Values in Social Discussions},
  booktitle = {International Conference on Information Technology for Social Good (GoodIT '24)},
  year = {2024},
  publisher = {ACM},
  doi = {10.1145/3677525.3678694}
}
